<record xmlns="http://www.loc.gov/MARC21/slim" xmlns:xsi="http://www.w3.org/2001/XMLSchema-instance" xsi:schemaLocation="http://www.loc.gov/MARC21/slim http://www.loc.gov/standards/marcxml/schema/MARC21slim.xsd"><leader>01664nam a2200313   4500</leader><controlfield tag="001">001679878</controlfield><controlfield tag="003">NNU</controlfield><controlfield tag="006">m        d        </controlfield><controlfield tag="007">cr cn |||m|||a</controlfield><controlfield tag="008">140707c19691970iq h    ob    001 0 ara d</controlfield><datafield ind1=" " ind2=" " tag="040"><subfield code="a">NNU</subfield><subfield code="b">eng</subfield><subfield code="c">NNU</subfield></datafield><datafield ind1="0" ind2=" " tag="050"><subfield code="a">PJ6171</subfield><subfield code="b">.Z3 1970</subfield></datafield><datafield ind1="1" ind2=" " tag="100"><subfield code="a">Zamakhshar&#299;, Ma&#7717;m&#363;d ibn &#699;Umar,</subfield><subfield code="d">1075-1144.</subfield></datafield><datafield ind1="1" ind2="3" tag="245"><subfield code="a">al-Qis&#7789;&#257;s al-mustaq&#299;m f&#299; &#699;ilm al-&#699;ur&#363;&#7693;</subfield><subfield code="h">[electronic resource] /</subfield><subfield code="c">ta&#700;l&#299;f J&#257;r All&#257;h Ab&#299; al-Q&#257;sim Ma&#7717;m&#363;d ibn &#699;Umar ibn Mu&#7717;ammad ibn &#699;Umar al-Khaw&#257;rzam&#299; al-zamakhshar&#299; ; &#7717;aqqaqathu wa-&#699;allaqat &#7717;aw&#257;sh&#299;hi Bah&#299;jah B&#257;qir al-&#7716;asan&#299; ; qaddama lahu Kam&#257;l Ibr&#257;h&#299;m wa-&#7778;af&#257;&#700; Khul&#363;&#7779;&#299;.</subfield></datafield><datafield ind1=" " ind2=" " tag="260"><subfield code="a">Baghd&#257;d :</subfield><subfield code="b">Maktabat al-Andalus,</subfield><subfield code="c">1969 [i.e. 1970].</subfield></datafield><datafield ind1=" " ind2=" " tag="300"><subfield code="a">online resource (318 p.) :</subfield><subfield code="b">facsims.</subfield></datafield><datafield ind1=" " ind2=" " tag="500"><subfield code="a">Part of the Arabic Collections Online (ACO) project, contributed by New York Univeristy Libraries.</subfield></datafield><datafield ind1=" " ind2=" " tag="504"><subfield code="a">Includes bibliographical references (p. 273-279) and indexes.</subfield></datafield><datafield ind1=" " ind2=" " tag="500"><subfield code="a">Cover title: al-Kistas al-mustakim fi &#700;ilm al-&#700;arud, by Djar Allah al-Zamakhshari.</subfield></datafield><datafield ind1=" " ind2=" " tag="533"><subfield code="a">Electronic reproduction.</subfield><subfield code="b">New York, N.Y. :</subfield><subfield code="c">New York University,</subfield><subfield code="d">2014.</subfield><subfield code="5">NNU</subfield></datafield><datafield ind1=" " ind2="0" tag="650"><subfield code="a">Arabic language</subfield><subfield code="x">Versification.</subfield></datafield><datafield ind1="1" ind2=" " tag="700"><subfield code="a">&#7716;asan&#299;, Bah&#299;jah B&#257;qir.</subfield></datafield><datafield ind1="1" ind2=" " tag="700"><subfield code="a">Ibrahim, Kamal.</subfield></datafield><datafield ind1="1" ind2=" " tag="700"><subfield code="a">Khulusi, Safa.</subfield></datafield><datafield ind1="2" ind2=" " tag="710"><subfield code="a">New York University.</subfield><subfield code="b">Libraries.</subfield></datafield><datafield ind1="0" ind2=" " tag="730"><subfield code="a">Arabic Collections Online.</subfield></datafield><datafield ind1="0" ind2="8" tag="776"><subfield code="i">Print version:</subfield><subfield code="a">Zamakhshar&#299;, Ma&#7717;m&#363;d ibn &#699;Umar, 1075-1144.</subfield><subfield code="t">al-Qis&#7789;&#257;s al-mustaq&#299;m f&#299; &#699;ilm al-&#699;ur&#363;&#7693;</subfield><subfield code="w">(NNU)001679878</subfield><subfield code="w">(DLC)74962704</subfield></datafield><datafield ind1="4" ind2="0" tag="856"><subfield code="u">http://hdl.handle.net/2333.1/0vt4bb60</subfield></datafield><datafield ind1=" " ind2=" " tag="959"><subfield code="a">NNU</subfield><subfield code="b">WEB</subfield><subfield code="c">GENI</subfield><subfield code="t">0</subfield><subfield code="m">Electronic access</subfield><subfield code="s">01</subfield></datafield></record>